@article{martin_panelapp_2019,
	title = {{PanelApp} crowdsources expert knowledge to establish consensus diagnostic gene panels},
	volume = {51},
	issn = {1061-4036, 1546-1718},
	url = {https://www.nature.com/articles/s41588-019-0528-2},
	doi = {10.1038/s41588-019-0528-2},
	language = {en},
	number = {11},
	urldate = {2025-03-20},
	journal = {Nature Genetics},
	author = {Martin, Antonio Rueda and Williams, Eleanor and Foulger, Rebecca E. and Leigh, Sarah and Daugherty, Louise C. and Niblock, Olivia and Leong, Ivone U. S. and Smith, Katherine R. and Gerasimenko, Oleg and Haraldsdottir, Eik and Thomas, Ellen and Scott, Richard H. and Baple, Emma and Tucci, Arianna and Brittain, Helen and De Burca, Anna and Iba√±ez, Kristina and Kasperaviciute, Dalia and Smedley, Damian and Caulfield, Mark and Rendon, Augusto and McDonagh, Ellen M.},
	month = nov,
	year = {2019},
	pages = {1560--1565},
}


@article{the_uniprot_consortium_uniprot_2025,
	title = {{UniProt}: the {Universal} {Protein} {Knowledgebase} in 2025},
	volume = {53},
	copyright = {https://creativecommons.org/licenses/by/4.0/},
	issn = {0305-1048, 1362-4962},
	shorttitle = {{UniProt}},
	url = {https://academic.oup.com/nar/article/53/D1/D609/7902999},
	doi = {10.1093/nar/gkae1010},
	language = {en},
	number = {D1},
	urldate = {2025-03-20},
	journal = {Nucleic Acids Research},
	author = {{The UniProt Consortium} and Bateman, Alex and Martin, Maria-Jesus and Orchard, Sandra and Magrane, Michele and Adesina, Aduragbemi and Ahmad, Shadab and Bowler-Barnett, and Others.},
	month = jan,
	year = {2025},
	pages = {D609--D617},
}

@article{landrum_clinvar_2018,
	title = {{ClinVar}: improving access to variant interpretations and supporting evidence},
	volume = {46},
	issn = {0305-1048, 1362-4962},
	shorttitle = {{ClinVar}},
	url = {http://academic.oup.com/nar/article/46/D1/D1062/4641904},
	doi = {10.1093/nar/gkx1153},
	language = {en},
	number = {D1},
	urldate = {2025-03-20},
	journal = {Nucleic Acids Research},
	author = {Landrum, Melissa J and Lee, Jennifer M and Benson, Mark and Brown, Garth R and Chao, Chen and Chitipiralla, Shanmuga and Gu, Baoshan and Hart, Jennifer and Hoffman, Douglas and Jang, Wonhee and Karapetyan, Karen and Katz, Kenneth and Liu, Chunlei and Maddipatla, Zenith and Malheiro, Adriana and McDaniel, Kurt and Ovetsky, Michael and Riley, George and Zhou, George and Holmes, J Bradley and Kattman, Brandi L and Maglott, Donna R},
	month = jan,
	year = {2018},
	pages = {D1062--D1067},
	file = {Full Text:/Users/dylanlawless/Zotero/storage/PV345QTL/Landrum et al. - 2018 - ClinVar improving access to variant interpretatio.pdf:application/pdf},
}
